@article{template,
  author = "Seidl, R and Oide, H and Hollis, R and Sarsour, M and Seele, J and Leitgab, M and Imazu, Y and Choi, I",
  title = "Run 11 W Analysis Note",
  journal = "PHENIX Analysis note: AN1024",
  volume = "99",
  year = "1992",
  pages = "403--422"
}

@article{collinsnaive,
  title={The Naive Bayes Model, Maximum-Likelihood Estimation, and the EM Algorithm},
  author={Collins, Michael}
}

@article{PhysRevLett.23.930,
  title = {High-Energy Inelastic $e-p$ Scattering},
  author = {Bloom, E. D. and Coward, D. H. and DeStaebler, H. and Drees, J. and Miller, G. and Mo, L. W. and Taylor, R. E. and Breidenbach, M. and Friedman, J. I. and Hartmann, G. C. and Kendall, H. W.},
  journal = {Phys. Rev. Lett.},
  volume = {23},
  issue = {16},
  pages = {930--934},
  numpages = {0},
  year = {1969},
  month = {Oct},
  publisher = {American Physical Society},
  doi = {10.1103/PhysRevLett.23.930},
  url = {http://link.aps.org/doi/10.1103/PhysRevLett.23.930}
}

@article{1603.05884,
	Author = {Bogdan Povh and Thomas Walcher},
	Title = {The end of the nucleon-spin crisis},
	Year = {2016},
	Eprint = {arXiv:1603.05884},
}
@article{1988PhLB..206..364A,
   author = {{Ashman}, J. and {Badelek}, B. and {Baum}, G. and {Beaufays}, J. and 
  {Bee}, C.~P. and {Benchouk}, C. and {Bird}, I.~G. and {Brown}, S.~C. and 
  {Caputo}, M.~C. and {Cheung}, H.~W.~K. and {Chima}, J. and {Ciborowski}, J. and 
  {Clifft}, R.~W. and {Coignet}, G. and {Combley}, F. and {Court}, G. and 
  {D'Agostini}, G. and {Drees}, J. and {D{\"u}ren}, M. and {Dyce}, N. and 
  {Edwards}, A.~W. and {Edwards}, M. and {Ernst}, T. and {Ferrero}, M.~I. and 
  {Francis}, D. and {Gabathuler}, E. and {Gajewski}, J. and {Gamet}, R. and 
  {Gibson}, V. and {Gillies}, J. and {Graftstr{\"o}m}, P. and 
  {Hamacher}, K. and {Von Harrach}, D. and {Hayman}, P. and {Holt}, J.~R. and 
  {Hughes}, V.~W. and {Jacholkowska}, A. and {Jones}, T. and {Kabuss}, E.~M. and 
  {Korzen}, B. and {Kr{\"u}ner}, U. and {Kullander}, S. and {Landgraf}, U. and 
  {Lanske}, D. and {Lettenstr{\"o}m}, F. and {Lindqvist}, T. and 
  {Loken}, J. and {Matthews}, M. and {Mizuno}, Y. and {M{\"o}nig}, K. and 
  {Montanet}, F. and {Nassalski}, J. and {Niinikoski}, T. and 
  {Norton}, P.~R. and {Oakham}, G. and {Oppenheim}, R.~F. and 
  {Osborne}, A.~M. and {Papavassiliou}, V. and {Pavel}, N. and 
  {Peroni}, C. and {Peschel}, H. and {Piegaia}, R. and {Pietrzyk}, B. and 
  {Pietrzyk}, U. and {Povh}, B. and {Renton}, P. and {Rieubland}, J.~M. and 
  {Rijllart}, A. and {Rith}, K. and {Rondio}, E. and {Ropelewski}, L. and 
  {Salmon}, D. and {Sandacz}, A. and {Schr{\"o}der}, T. and {Sch{\"u}ler}, K.~P. and 
  {Schultze}, K. and {Shibata}, T.-A. and {Sloan}, T. and {Staiano}, A. and 
  {Stier}, H. and {Stock}, J. and {Taylor}, G.~N. and {Thompson}, J.~C. and 
  {Walcher}, T. and {Wheeler}, S. and {Williams}, W.~S.~C. and 
  {Wimpenny}, S.~J. and {Windmolders}, R. and {Womersley}, W.~J. and 
  {Ziemons}, K. and {European Muon Collaboration}},
    title = "{A measurement of the spin asymmetry and determination of the structure function g$_{1}$ in deep inelastic muon-proton scattering}",
  journal = {Physics Letters B},
     year = 1988,
    month = may,
   volume = 206,
    pages = {364-370},
      doi = {10.1016/0370-2693(88)91523-7},
   adsurl = {http://adsabs.harvard.edu/abs/1988PhLB..206..364A},
  adsnote = {Provided by the SAO/NASA Astrophysics Data System}
}

@article{an888,
  author = "Datta, A. and Kawall, D.",
  title = "$\sigma_{BBC}$ using Vernier Scans for 500 $GeV$ pp Data in Run09",
  journal = "PHENIX Analysis Note AN888",
  year = "2010"
}

@article{an184,
  author = "Belikov S. and Bunce G. and Chiu M. and Fox B. and Goto Y. and Kawabata T. and Saito N. and Tannenbaum M.",
  title = "Determination of the Absolute Luminosity for the Proton-Proton Data at $\sqrt{s} = 200 GeV$ Recoreded by PHENIX during RHIC Run-02",
  journal = "PHENIX Analysis Note AN184",
  year = "2002"
}

@article{an597,
  author = "Bazilevsky A. and Bennett R. and Deshpande A. and Goto Y. and Kawall D. and Seele J.",
  title = "Absolute luminosity determination using the vernier scan technique: Run4-6 Analysis and preliminary results at $\sqrt{s} = 62.4 GeV$",
  journal = "PHENIX Analysis Note AN597",
  year = "2007"
}

@article{an688,
  author = "Bazilevsky A. and Bennett R. and Deshpande A. and Goto Y.",
  title = "Absolute luminosity determination using the vernier scan technique: Run5-6 Analysis and preliminary results at $\sqrt{s} = 62.4 GeV$",
  journal = "PHENIX Analysis Note AN688",
  year = "2008"
}

@article{drees2013,
  author = "Drees, A.",
  title = "Analysis of Vernier Scans during RHIC Run-13 (pp at $255 GeV/beam$)",
  journal = "Collider Accelerator Department (RHIC) AP???",
  year = "2013"
}
@article{kawallfocus2005,
  author = "Kawall, D.",
  title = "How To Measure Absolute Luminosity",
  journal = "PHENIX Focus Seminar",
  year = "2005"
}
@article{herr2006lumi,
  title={Concept of Luminosity},
  author={Herr, Werner and Muratori, Bruno},
  year={2006},
  publisher={Cern}
}
